@book{awodey2010category,
      title={Category Theory},
      author={Awodey, S.},
      isbn={9780191612558},
      series={Oxford Logic Guides},
      url={https://books.google.de/books?id=zLs8BAAAQBAJ},
      year={2010},
      publisher={OUP Oxford} }
